<record><leader>00000cas a22000007a 4500</leader><controlfield tag="001">11835565</controlfield><controlfield tag="008">850322d18471853ohuwr ne      0    0eng d</controlfield><datafield ind1=" " ind2=" " tag="010"><subfield code="a">sn 85038146 </subfield></datafield><datafield ind1=" " ind2=" " tag="040"><subfield code="a">NPY</subfield><subfield code="b">eng</subfield><subfield code="c">NPY</subfield><subfield code="d">NPX</subfield><subfield code="d">OCLCQ</subfield></datafield><datafield ind1=" " ind2=" " tag="042"><subfield code="a">msc</subfield></datafield><datafield ind1="0" ind2=" " tag="130"><subfield code="a">Kenton Republican (Kenton, Ohio : 1847)</subfield></datafield><datafield ind1="1" ind2="0" tag="245"><subfield code="a">Kenton Republican.</subfield></datafield><datafield ind1=" " ind2=" " tag="260"><subfield code="a">Kenton, Ohio :</subfield><subfield code="b">J.S. Robinson,</subfield><subfield code="c">1847-1853.</subfield></datafield><datafield ind1=" " ind2=" " tag="300"><subfield code="a">7 v. ;</subfield><subfield code="c">53 cm.</subfield></datafield><datafield ind1=" " ind2=" " tag="310"><subfield code="a">Weekly</subfield></datafield><datafield ind1="0" ind2=" " tag="362"><subfield code="a">Vol. 1, no. 1 (Jan. 19, 1847)-v. 7, no. 13 (May 13, 1853).</subfield></datafield><datafield ind1=" " ind2=" " tag="500"><subfield code="a">Editors: J.S. Robinson; J.S. Robinson, R. Coulter, &lt;1852&gt;.</subfield></datafield><datafield ind1=" " ind2=" " tag="500"><subfield code="a">Whig. Cf. Gutgesell, S. Guide to Ohio newspapers, 1974.</subfield></datafield><datafield ind1="1" ind2=" " tag="700"><subfield code="a">Robinson, James S.</subfield></datafield><datafield ind1=" " ind2=" " tag="752"><subfield code="a">United States</subfield><subfield code="b">Ohio</subfield><subfield code="c">Hardin</subfield><subfield code="d">Kenton.</subfield></datafield><datafield ind1="0" ind2="0" tag="785"><subfield code="t">Hardin County Republican (Kenton, Ohio : 1853)</subfield><subfield code="w">(DLC)sn 85038147</subfield></datafield><datafield ind1="1" ind2=" " tag="029"><subfield code="a">AU@</subfield><subfield code="b">000025790710</subfield></datafield></record>